@misc{ algowiki, 
    title = "Algoritmo de aproximação",
    year = "2020",
    url = "\url{https://pt.wikipedia.org/wiki/Algoritmo_de_aproxima%C3%A7%C3%A3oo}",
 
 }
 
@misc{ img,
    title = "O Problema do Caixeiro Viajante",
    year = "2017",
    url = "\url{https://pygrafos.wordpress.com/2017/02/15/t5-o-problema-do-caixeiro-viajante/}",
}

@misc{ Npdificil,
    title = "NP-difícil",
    year = "2020",
    url = "\url{https://pt.wikipedia.org/wiki/https://pt.wikipedia.org/wiki/NP-dif%C3%ADcil}",
    
}
